@online{xiaoHui_seminar,
  author = {{Xiao Hui Tai}},
  title = {Comparing Cartridge Breechface Marks: 2D Versus 3D},
  url = {https://forensicstats.org/blog/portfolio/comparing-cartridge-breechface-marks-2d-versus-3d/},
  organization = {Center for Statistics and Applications in Forensic Evidence},
  year = {2018},
  month = jan,
  day = {31}
}

@article{Zheng2014,
  doi = {10.1088/2051-672x/2/1/014012},
  url = {https://doi.org/10.1088/2051-672x/2/1/014012},
  year = {2014},
  month = jan,
  publisher = {{IOP} Publishing},
  volume = {2},
  number = {1},
  pages = {014012},
  author = {X Zheng and J Soons and T V Vorburger and J Song and T Renegar and R Thompson},
  title = {Applications of surface metrology in firearm identification},
  journal = {Surface Topography: Metrology and Properties}
}

@article{AFTE1992,
author = {{AFTE Criteria for Identification Committee}},
title = {Theory of identification, range striae comparison reports and modified glossary definitions},
journal = {AFTE Journal},
volume = {24},
number = {3},
pages = {336-340},
year = {1992}}

@book{council_strengthening_2009,
	address = {Washington, DC},
	shortauthor = {{NRC}},
	title = {Strengthening {Forensic} {Science} in the {United} {States}: {A} {Path} {Forward}},
	isbn = {978-0-309-13130-8},
	publisher = {The National Academies Press},
	author = {{National Research Council}},
	year = {2009},
	url = {https://doi.org/10.17226/12589}
}

@article{pcast2016,
  shortauthor = {{PCAST}},
  author = {{President’s Council of Advisors on {Science} \& {Technology}}},
  year = {2016},
  title = {Forensic Science in Criminal Courts: Ensuring Scientific Validity of Feature-Comparison Methods},
  publisher = {{Executive Office of The President’s Council of Advisors on Science and Technology}},
  url = {https://obamawhitehouse.archives.gov/sites/default/files/microsites/ostp/PCAST/pcast_forensic_science_report_final.pdf}
}

@article{chen_convergence_2017,
	title = {A convergence algorithm for correlation of breech face images based on the congruent matching cells ({CMC}) method},
	volume = {280},
	issn = {03790738},
	url = {https://doi.org/10.1016/j.forsciint.2017.08.033},
	language = {en},
	journal = {Forensic Science International},
	author = {Chen, Zhe and Song, John and Chu, Wei and Soons, Johannes A. and Zhao, Xuezeng},
	month = nov,
	year = {2017},
	pages = {213--223}
}

@techreport{vorburger_surface_2007,
	address = {Gaithersburg, MD},
	title = {Surface topography analysis for a feasibility assessment of a national ballistics imaging database},
	url = {https://nvlpubs.nist.gov/nistpubs/Legacy/IR/nistir7362.pdf},
	language = {en},
	number = {NIST IR 7362},
	urldate = {2020-06-15},
	institution = {National Institute of Standards and Technology},
	author = {Vorburger, T V and Yen, J H and Bachrach, B and Renegar, T B and Filliben, J J and Ma, L and Rhee, H G and Zheng, A and Song, J F and Riley, M and Foreman, C D and Ballou, S M},
	year = {2007},
	doi = {10.6028/NIST.IR.7362},
	note = {Edition: 0},
	pages = {NIST IR 7362}
}

@article{tai_fully_2018,
  title = {A {Fully} {Automatic} {Method} for {Comparing} {Cartridge} {Case} {Images},},
  volume = {63},
  issn = {00221198},
  url = {http://doi.wiley.com/10.1111/1556-4029.13577},
  language = {en},
  number = {2},
  journal = {Journal of Forensic Sciences},
  author = {Tai, Xiao Hui and Eddy, William F.},
  month = mar,
  year = {2018},
  pages = {440--448}
}

@article{song_proposed_2013,
  title = {Proposed “{NIST} {Ballistics} {Identification} {System} ({NBIS})” {Based} on {3D} {Topography} {Measurements} on {Correlation} {Cells}},
  volume = {45},
  journal = {American Firearm and Tool Mark Examiners Journal},
  language = {en},
  number = {2},
  url = {https://tsapps.nist.gov/publication/get_pdf.cfm?pub_id=910868},
  author = {Song, John},
  year = {2013},
  pages = {11}
}

@article{hare_automatic_2016,
	title = {Automatic {Matching} of {Bullet} {Land} {Impressions}},
	url = {http://arxiv.org/abs/1601.05788},
	language = {en},
	journal = {The Annals of Applied Statistics},
	author = {Hare, Eric and Hofmann, Heike and Carriquiry, Alicia},
	volume = {11},
	number = {4},
	year = {2017},
	keywords = {Statistics - Applications},
		pages = {2332--2356},
}

@article{Zemmels2023,
  doi = {10.32614/rj-2023-014},
  url = {https://doi.org/10.32614/rj-2023-014},
  year = {2023},
  month = feb,
  publisher = {The R Foundation},
  volume = {14},
  number = {4},
  pages = {79--102},
  author = {Joseph Zemmels and Susan VanderPlas and Heike Hofmann},
  title = {A Study in Reproducibility: The Congruent Matching Cells Algorithm and {cmcR} Package},
  journal = {The R Journal}
}

@inproceedings{Ester1996,
note = {\url{doi.org/10.5555/3001460.3001507}},
author = {Ester, Martin and Kriegel, Hans-Peter and Sander, J\"{o}rg and Xu, Xiaowei},
title = {A Density-Based Algorithm for Discovering Clusters in Large Spatial Databases with Noise},
year = {1996},
publisher = {AAAI Press},
booktitle = {Proceedings of the Second International Conference on Knowledge Discovery and Data Mining},
pages = {226–231},
numpages = {6},
keywords = {efficiency on large spatial databases, clustering algorithms, handling nlj4-275oise, arbitrary shape of clusters},
location = {Portland, Oregon},
series = {KDD'96}
}

@article{zhang_convergence_2021,
	title = {Convergence-improved congruent matching cells ({CMC}) method for firing pin impression comparison},
	volume = {66},
	issn = {1556-4029},
	url = {https://onlinelibrary.wiley.com/doi/abs/10.1111/1556-4029.14634},
	doi = {10.1111/1556-4029.14634},
	language = {en},
	number = {2},
	urldate = {2021-12-17},
	journal = {Journal of Forensic Sciences},
	author = {Zhang, Hao and Zhu, Jialing and Hong, Rongjing and Wang, Hua and Sun, Fuzhong and Malik, Anup},
	year = {2021},
	keywords = {firing pin impression, automated ballistic identification, congruent matching cells, density-based clustering, least-square matching},
	pages = {571--582}
}

@techreport{Baldwin2014,
  doi = {10.21236/ada611807},
  note = {\url{https://doi.org/10.21236/ada611807}},
  year = {2014},
  month = apr,
  publisher = {Defense Technical Information Center},
  author = {David P. Baldwin and Stanley J. Bajic and Max Morris and Daniel Zamzow},
  title = {A Study of False-Positive and False-Negative Error Rates in Cartridge Case Comparisons}
}

@techreport{ISO25178-72,
type = {Standard},
key = {{ISO 25178-72:2017}},
year = {2017},
title = {{Geometrical product specifications (GPS) — Surface texture: Areal — Part 72: XML file format x3p}},
volume = {2014},
address = {Geneva, CH},
url = {https://www.iso.org/standard/62310.html},
institution = {International Organization for Standardization}
}

@article{Swofford2021,
  note =  {\url{https://doi.org/10.1016/j.fsisyn.2021.100142}},
  url = {https://doi.org/10.1016/j.fsisyn.2021.100142},
  year = {2021},
  publisher = {Elsevier {BV}},
  volume = {3},
  pages = {100142},
  author = {H. Swofford and C. Champod},
  title = {Implementation of algorithms in pattern {\&} impression evidence: A responsible and practical roadmap},
  journal = {Forensic Science International: Synergy}
}

@article{tong_improved_2015,
  title = {An {Improved} {Algorithm} of {Congruent} {Matching} {Cells} ({CMC}) {Method} for {Firearm} {Evidence} {Identifications}},
  volume = {120},
  issn = {2165-7254},
  url = {https://doi.org/10.6028/jres.120.008},
  language = {en},
  journal = {Journal of Research of the National Institute of Standards and Technology},
  author = {Tong, Mingsi and Song, John and Chu, Wei},
  month = apr,
  year = {2015},
  pages = {102}
}

@Manual{cmcR,
    title = {cmcR: An Implementation of the 'Congruent Matching Cells' Method},
    author = {Joe Zemmels and Heike Hofmann and Susan VanderPlas},
    note = {R package version 0.1.9},
    year={2022}
  }

@article{hofmann_inconclusives_2021,
    author = {Hofmann, Heike and Carriquiry, Alicia and Vanderplas, Susan},
    title = "{Treatment of inconclusives in the AFTE range of conclusions}",
    journal = {Law, Probability and Risk},
    volume = {19},
    number = {3-4},
    pages = {317-364},
    year = {2021},
    month = {05},
    issn = {1470-8396},
    doi = {10.1093/lpr/mgab002},
    url = {https://doi.org/10.1093/lpr/mgab002},
    eprint = {https://academic.oup.com/lpr/article-pdf/19/3-4/317/38817993/mgab002.pdf},
}

@Manual{x3ptools,
    title = {x3ptools: Tools for Working with 3D Surface Measurements},
    author = {Heike Hofmann and Susan Vanderplas and Ganesh Krishnan and Eric Hare},
    year = {2022},
    note = {R package version 0.0.3.9000},
    url = {https://github.com/heike/x3ptools},
}

@article{Haralick1987,
  doi = {10.1109/tpami.1987.4767941},
  note = {\url{https://doi.org/10.1109/tpami.1987.4767941}},
  year = {1987},
  month = jul,
  publisher = {Institute of Electrical and Electronics Engineers ({IEEE})},
  volume = {{PAMI}-9},
  number = {4},
  pages = {532--550},
  author = {Robert M. Haralick and Stanley R. Sternberg and Xinhua Zhuang},
  title = {Image Analysis Using Mathematical Morphology},
  journal = {{IEEE} Transactions on Pattern Analysis and Machine Intelligence}
}

@Manual{Rlanguage,
    title = {R: A Language and Environment for Statistical Computing},
    author = {{R Core Team}},
    organization = {R Foundation for Statistical Computing},
    address = {Vienna, Austria},
    year = {2017},
    url = {https://www.R-project.org/},
}

@article{Brown1992,
  doi = {10.1145/146370.146374},
  url = {https://doi.org/10.1145/146370.146374},
  year = {1992},
  month = dec,
  publisher = {Association for Computing Machinery ({ACM})},
  volume = {24},
  number = {4},
  pages = {325--376},
  author = {Lisa Gottesfeld Brown},
  title = {A survey of image registration techniques},
  journal = {{ACM} Computing Surveys}
}

@inproceedings{MacQueen1967,
  added-at = {2011-01-11T13:35:01.000+0100},
  author = {MacQueen, J. B.},
  biburl = {https://www.bibsonomy.org/bibtex/25dcdb8cd9fba78e0e791af619d61d66d/enitsirhc},
  booktitle = {Proc. of the fifth Berkeley Symposium on Mathematical Statistics and Probability},
  editor = {Cam, L. M. Le and Neyman, J.},
  interhash = {8d7d4dfe7d3a06b8c9c3c2bb7aa91e28},
  intrahash = {5dcdb8cd9fba78e0e791af619d61d66d},
  keywords = {kmeans clustering},
  pages = {281-297},
  publisher = {University of California Press},
  timestamp = {2011-01-11T13:35:01.000+0100},
  title = {Some Methods for Classification and Analysis of MultiVariate Observations},
  volume = 1,
  year = 1967
}

@Book{MASS,
    title = {Modern Applied Statistics with S},
    author = {W. N. Venables and B. D. Ripley},
    publisher = {Springer},
    edition = {Fourth},
    address = {New York},
    year = {2002},
    note = {ISBN 0-387-95457-0},
    url = {http://www.stats.ox.ac.uk/pub/MASS4},
}


@book{Thompson2017,
author = {Thompson, Robert},
year = {2017},
month = {08},
pages = {32},
publisher = {National District Attorneys Association},
title = {Firearm Identification in the Forensic Science Laboratory},
url = {https://doi.org/10.13140/RG.2.2.16250.59846}
}
